% This file was created with JabRef 2.5.
% Encoding: UTF8

@PHDTHESIS{aagedal2001quality,
  author = {Aagedal, J.{\O}.},
  title = {{Quality of service support in development of distributed systems}},
  school = {Citeseer},
  year = {2001},
  owner = {pierre},
  timestamp = {2010.02.01}
}

@ARTICLE{Alc07,
  author = {R. Alcal{\'a} and J. Alcal{\'a}-Fdez and F. Herrera and J. Otero},
  title = {{Genetic learning of accurate and compact fuzzy rule based systems
	based on the 2-tuples linguistic representation}},
  journal = {Int. J. Approx. Reasoning},
  year = {2007},
  volume = {44},
  pages = {45-64},
  number = {1},
  owner = {pierre},
  timestamp = {2009.12.04}
}

@CONFERENCE{andrieux2004web,
  author = {Andrieux, A. and Czajkowski, K. and Dan, A. and Keahey, K. and Ludwig,
	H. and Pruyne, J. and Rofrano, J. and Tuecke, S. and Xu, M.},
  title = {{Web services agreement specification (WS-Agreement)}},
  booktitle = {Global Grid Forum},
  year = {2004},
  owner = {pierre},
  timestamp = {2010.02.02}
}

@CONFERENCE{bacchus1995graphical,
  author = {Bacchus, F. and Grove, A.},
  title = {{Graphical models for preference and utility}},
  booktitle = {Proceedings of the Eleventh Conference on Uncertainty in Artificial
	Intelligence},
  year = {1995},
  pages = {3--10},
  organization = {Citeseer},
  owner = {pierre},
  timestamp = {2010.02.22}
}

@ARTICLE{bajaj2006web,
  author = {Bajaj, S. and Box, D. and Chappell, D. and Curbera, F. and Daniels,
	G. and Hallam-Baker, P. and Hondo, M. and Kaler, C. and Langworthy,
	D. and Malhotra, A. and others},
  title = {{Web services policy framework (ws-policy)}},
  journal = {Version},
  year = {2006},
  volume = {1},
  pages = {2003--2006},
  number = {2},
  owner = {pierre},
  timestamp = {2010.02.01}
}

@PHDTHESIS{baligand2008approche,
  author = {Baligand, F.},
  title = {{Une Approche D\'eclarative pour la Gestion de la Qualit\'e de Service
	dans les Compositions de Services}},
  year = {2008},
  owner = {pierre},
  timestamp = {2009.10.10}
}

@ARTICLE{baligand2007declarative,
  author = {Baligand, F. and Rivierre, N. and Ledoux, T.},
  title = {{A declarative approach for qos-aware web service compositions}},
  journal = {Lecture Notes in Computer Science},
  year = {2007},
  volume = {4749},
  pages = {422},
  owner = {pierre},
  publisher = {Springer},
  timestamp = {2010.01.15}
}

@ARTICLE{bellman1957dynamic,
  author = {Bellman, R.},
  title = {{Dynamic Programming, Princeton}},
  journal = {Princeton University Press},
  year = {1957},
  owner = {pierre},
  timestamp = {2010.03.14}
}

@ARTICLE{ben2007cocoa,
  author = {Ben Mokhtar, S. and Georgantas, N. and Issarny, V.},
  title = {{COCOA: COnversation-based service COmposition in pervAsive computing
	environments with QoS support}},
  journal = {The Journal of Systems \& Software},
  year = {2007},
  volume = {80},
  pages = {1941--1955},
  number = {12},
  owner = {pierre},
  publisher = {Elsevier},
  timestamp = {2010.03.11}
}

@ARTICLE{berbner2007wsqosx,
  author = {Berbner, R. and Spahn, M. and Repp, N. and Heckmann, O. and Steinmetz,
	R.},
  title = {{WSQoSX-a QoS architecture for Web service workflows}},
  journal = {Lecture Notes in Computer Science},
  year = {2007},
  volume = {4749},
  pages = {623},
  owner = {pierre},
  publisher = {Springer},
  timestamp = {2010.03.12}
}

@ARTICLE{T.Berners-Lee2001,
  author = {T. Berners-Lee and J. Hendler and O. Lassila},
  title = {{The Semantic Web}},
  journal = {Scientific American},
  year = {2001},
  owner = {T0048451},
  timestamp = {2009.09.15}
}

@ARTICLE{beugnard1999making,
  author = {Beugnard, A. and J{\'e}z{\'e}quel, J.M. and Plouzeau, N. and Watkins,
	D.},
  title = {{Making components contract aware}},
  journal = {Computer},
  year = {1999},
  pages = {38--45},
  owner = {pierre},
  publisher = {Published by the IEEE Computer Society},
  timestamp = {2010.02.01}
}

@MISC{boloni1997qos,
  author = {Boloni, L. and Jun, K.K. and Marinescu, D.C.},
  title = {{QoS and Reliability Models for Network Computing}},
  year = {1997},
  owner = {pierre},
  publisher = {Department of Computer Sciences, Purdue University CSD-TR},
  timestamp = {2010.03.02}
}

@INPROCEEDINGS{Bou06,
  author = {Boubekeur, F. and L. Tamine-Lechani},
  title = {{Recherche d'information flexible bas{\'e}e CP-Nets}},
  booktitle = {{Proc. Conference on Recherche d'Information et Applications (CORIA'06)}},
  year = {2006},
  pages = {161--167},
  owner = {T0048451},
  timestamp = {2009.11.16}
}

@BOOK{bouchon1995logique,
  title = {{La logique floue et ses applications}},
  publisher = {Addison-Wesley France, Paris},
  year = {1995},
  author = {Bouchon-Meunier, B.},
  owner = {pierre},
  timestamp = {2010.02.18}
}

@INPROCEEDINGS{Bou01,
  author = {Boutilier, C. and Bacchus, F. and Brafman, R. I.},
  title = {{UCP-Networks: A directed graphical representation of conditional
	utilities}},
  booktitle = {{Proc. of the Seventeenth Conference on Uncertainty in Artificial
	Intelligence}},
  year = {2001},
  pages = {56--64},
  owner = {T0048451},
  timestamp = {2009.11.16}
}

@ARTICLE{Bou04,
  author = {Boutilier, C. and Brafman, R. I. and Domshlak, C. and Hoos, H. H.
	and Poole, D.},
  title = {{CP-nets: A tool for representing and reasoning with conditional
	\emph{Ceteris Paribus} Preference Statements}},
  journal = {Journal of Artificial Intelligence Research},
  year = {2004},
  volume = {21},
  pages = {135--191},
  owner = {T0048451},
  timestamp = {2009.11.16}
}

@PHDTHESIS{bouveret2007allocation,
  author = {Bouveret, S.},
  title = {{Allocation et partage {\'e}quitables de ressources indivisibles:
	mod{\'e}lisation, complexit{\'e} et algorithmique}},
  school = {Ph. D. Dissertation, Supa{\'e}ro/University of Toulouse},
  year = {2007},
  owner = {pierre},
  timestamp = {2010.02.22}
}

@INPROCEEDINGS{Bra02,
  author = {Brafman, R. I. and Domshlak, C.},
  title = {{Introducing variable importance tradeoffs into CP-nets}},
  booktitle = {{Proc. of the Eighteenth Annual Conference on Uncertainty in Artificial
	Intelligence}},
  year = {2002},
  pages = {69--76},
  owner = {T0048451},
  timestamp = {2009.11.17}
}

@CONFERENCE{braziunas2005local,
  author = {Braziunas, D. and Boutilier, C.},
  title = {{Local utility elicitation in GAI models}},
  booktitle = {Proceedings of the 21st Annual Conference on Uncertainty in Artificial
	Intelligence (UAI)},
  year = {2005},
  pages = {42--49},
  organization = {Citeseer},
  owner = {pierre},
  timestamp = {2010.02.22}
}

@ARTICLE{buckley1984multiple,
  author = {Buckley, JJ},
  title = {{Multiple judge, multiple criteria ranking problem: A fuzzy set approach.}},
  journal = {Fuzzy Sets and Systems},
  year = {1984},
  volume = {13},
  pages = {25--38},
  number = {1},
  owner = {pierre},
  timestamp = {2010.02.18}
}

@BOOK{budinsky2003eclipse,
  title = {{Eclipse modeling framework}},
  publisher = {Pearson Education},
  year = {2003},
  author = {Budinsky, F. and Brodsky, S.A. and Merks, E.},
  owner = {pierre},
  timestamp = {2009.12.09}
}

@ARTICLE{canfora2006service,
  author = {Canfora, G. and Di Penta, M. and Esposito, R. and Perfetto, F. and
	Villani, M.L.},
  title = {{Service composition (re) binding driven by application-specific
	qos}},
  journal = {Lecture Notes in Computer Science},
  year = {2006},
  volume = {4294},
  pages = {141},
  owner = {pierre},
  publisher = {Springer},
  timestamp = {2010.02.23}
}

@CONFERENCE{canfora2005approach,
  author = {Canfora, G. and Di Penta, M. and Esposito, R. and Villani, M.L.},
  title = {{An approach for QoS-aware service composition based on genetic algorithms}},
  booktitle = {Proceedings of the 2005 conference on Genetic and evolutionary computation},
  year = {2005},
  pages = {1075},
  organization = {ACM},
  owner = {pierre},
  timestamp = {2010.02.23}
}

@CONFERENCE{canfora2005qos,
  author = {Canfora, G. and Penta, M.D. and Esposito, R. and Villani, M.L.},
  title = {{QoS-aware replanning of composite web services}},
  booktitle = {Proceedings of the IEEE International Conference on Web Services},
  year = {2005},
  pages = {121--129},
  organization = {Citeseer},
  owner = {pierre},
  timestamp = {2010.02.23}
}

@ARTICLE{cardoso2002quality,
  author = {Cardoso, J.},
  title = {{Quality of service and semantic composition of workflows}},
  journal = {Department of Computer Science. Athens, GA, University of Georgia},
  year = {2002},
  volume = {215},
  owner = {pierre},
  timestamp = {2010.02.23}
}

@ARTICLE{J.Cardoso2004,
  author = {J. Cardoso and A. Sheth and J. Miller and J. Arnold and K. Kochut},
  title = {{Quality of service for workflows and Web service processes}},
  journal = {Journal of Web Semantic},
  year = {2004},
  owner = {T0048451},
  timestamp = {2009.09.15}
}

@ARTICLE{castro1995fuzzy,
  author = {Castro, JL},
  title = {{Fuzzy logic controllers are universal approximators}},
  journal = {Ieee Transactions on Systems Man and Cybernetics},
  year = {1995},
  volume = {25},
  pages = {629--635},
  number = {4},
  owner = {pierre},
  publisher = {New York, NY: Institute of Electrical and Electronics Engineers,
	c1971-c1995.},
  timestamp = {2009.12.05}
}

@CONFERENCE{chafle2006adaptation,
  author = {Chafle, G. and Dasgupta, K. and Kumar, A. and Mittal, S. and Srivastava,
	B.},
  title = {{Adaptation in web service composition and execution}},
  booktitle = {International Conference on Web Services (ICWS), Industry Track},
  year = {2006},
  owner = {pierre},
  timestamp = {2010.03.11}
}

@CONFERENCE{chevaleyre2004multiagent,
  author = {Chevaleyre, Y. and Endriss, U. and Estivie, S. and Maudet, N. and
	others},
  title = {{Multiagent resource allocation with k-additive utility functions}},
  booktitle = {Proc. DIMACS-LAMSADE Workshop on Computer Science and Decision Theory},
  year = {2004},
  volume = {3},
  pages = {83--100},
  organization = {Citeseer},
  owner = {pierre},
  timestamp = {2010.02.22}
}

@TECHREPORT{chinnici2007web,
  author = {Chinnici, R. and Moreau, J.J. and Ryman, A. and Weerawarana, S.},
  title = {{Web services description language (WSDL) version 2.0 part 1: Core
	language}},
  institution = {Technical report, World Wide Web Consortium},
  year = {2007},
  owner = {pierre},
  timestamp = {2010.01.19}
}

@CONFERENCE{chiu2009dynamic,
  author = {Chiu, D. and Deshpande, S. and Agrawal, G. and Li, R.},
  title = {{A Dynamic Approach toward QoS-Aware Service Workflow Composition}},
  booktitle = {Proceedings of the 2009 IEEE International Conference on Web Services-Volume
	00},
  year = {2009},
  pages = {655--662},
  organization = {IEEE Computer Society},
  owner = {pierre},
  timestamp = {2010.03.11}
}

@INPROCEEDINGS{Chatel2007a,
  author = {Ch{\^a}tel, P.},
  title = {{Toward a Semantic Web service discovery and dynamic orchestration
	based on the formal specification of functional domain knowledge}},
  booktitle = {{Proc. of the 20th International Conference \& Software \& Systems
	Engineering and their Applications (ICSSEA'07)}},
  year = {2007},
  isbn = {2-912328-48-9},
  owner = {pierre},
  timestamp = {2010.01.31}
}

@INPROCEEDINGS{Chatel2007b,
  author = {Ch{\^a}tel, P.},
  title = {{Une architecture pour la d{\'e}couverte et l'orchestration de services
	Web s{\'e}mantiques}},
  booktitle = {{Proc. of the First \emph{Journ{\'e}es Francophones sur les Ontologies}
	(JFO'07)}},
  year = {2007},
  pages = {247--264},
  isbn = {978-9973-37-414-1},
  owner = {pierre},
  timestamp = {2010.01.31}
}

@ARTICLE{Chatel2010b,
  author = {P. Ch{\^a}tel and J. Malenfant and I. Truck},
  title = {{QoS-based Late-Binding of Service Invocations in Adaptive Business
	Processes}},
  journal = {The 8th International Conference on Web Services (ICWS)},
  year = {2010},
  owner = {pierre},
  timestamp = {2010.03.12}
}

@ARTICLE{Chatel2010a,
  author = {P. Ch{\^a}tel and I. Truck and J. Malenfant},
  title = {{LCP-nets: A linguistic approach for non-functional preferences in
	a semantic SOA environment}},
  journal = {J.UCS Journal of Universal Computer Science},
  year = {2010},
  owner = {pierre},
  timestamp = {2009.11.19}
}

@INPROCEEDINGS{Chatel2008,
  author = {P. Ch{\^a}tel and I. Truck and J. Malenfant},
  title = {{A linguistic approach for non-functional preferences in a semantic
	SOA environment}},
  booktitle = {{Computational Intelligence in Decision and Control, Proceedings
	of the 8th International FLINS Conference}},
  year = {2008},
  owner = {pierre},
  timestamp = {2009.11.19}
}

@ARTICLE{clark1999xml,
  author = {Clark, J. and DeRose, S. and others},
  title = {{XML path language (XPath) version 1.0}},
  journal = {W3C recommendation},
  year = {1999},
  volume = {16},
  pages = {1999},
  owner = {pierre},
  timestamp = {2009.12.09}
}

@ARTICLE{cleaveland1996strategic,
  author = {Cleaveland, R. and Smolka, S.A.},
  title = {{Strategic directions in concurrency research}},
  journal = {ACM Computing Surveys (CSUR)},
  year = {1996},
  volume = {28},
  pages = {607--625},
  number = {4},
  owner = {pierre},
  publisher = {ACM New York, NY, USA},
  timestamp = {2009.11.13}
}

@ARTICLE{colombo2006scene,
  author = {Colombo, M. and Di Nitto, E. and Mauri, M.},
  title = {{Scene: A service composition execution environment supporting dynamic
	changes disciplined through rules}},
  journal = {Lecture Notes in Computer Science},
  year = {2006},
  volume = {4294},
  pages = {191},
  owner = {pierre},
  publisher = {Springer},
  timestamp = {2010.03.11}
}

@BOOK{cowell1999probabilistic,
  title = {{Probabilistic networks and expert systems}},
  publisher = {Springer Verlag},
  year = {1999},
  author = {Cowell, R.G. and Dawid, A.P. and Lauritzen, S.L. and Spiegelhalter,
	D.J.},
  owner = {pierre},
  timestamp = {2010.02.22}
}

@ARTICLE{cumming2003tomatoes,
  author = {Cumming, M.},
  title = {{Tomatoes are not the only fruit: a rough guide to taxonomies, thesauri,
	ontologies and the like}},
  journal = {RECORDS MANAGEMENT BULLETIN},
  year = {2003},
  volume = {113},
  pages = {11--12},
  owner = {pierre},
  publisher = {TFPL LTD.},
  timestamp = {2010.01.30}
}

@MISC{curbera-web,
  author = {Curbera, F. and Weerawarana, S.},
  title = {{Web Services Description Language (WSDL) 1.1}},
  year = {2001},
  owner = {pierre},
  publisher = {Citeseer},
  timestamp = {2010.01.19}
}

@ARTICLE{debreu1964continuity,
  author = {Debreu, G.},
  title = {{Continuity properties of Paretian utility}},
  journal = {International Economic Review},
  year = {1964},
  volume = {5},
  pages = {285--293},
  number = {3},
  owner = {pierre},
  publisher = {Blackwell Publishing; Economics Department of the University of Pennsylvania;
	Institute of Social and Economic Research--Osaka U},
  timestamp = {2010.02.22}
}

@ARTICLE{deg88,
  author = {R. Degani and G. Bortolan},
  title = {{The Problem of Linguistic Approximation in Clinical Decision Making}},
  journal = {{International Journal of Approximate Reasoning}},
  year = {1988},
  volume = {2},
  pages = {143--162},
  owner = {pierre},
  timestamp = {2009.11.18}
}

@ARTICLE{del93,
  author = {M. Delgado and J.L. Verdegay and M.A Vila},
  title = {{On Aggregation Operations of Linguistic Labels}},
  journal = {{International Journal of Intelligent Systems}},
  year = {1993},
  volume = {8},
  pages = {351--370},
  owner = {pierre},
  timestamp = {2009.11.18}
}

@CONFERENCE{dobson2005qosont,
  author = {Dobson, G. and Lock, R. and Sommerville, I.},
  title = {{QoSOnt: a QoS ontology for service-centric systems}},
  booktitle = {Proceedings of the 31st EUROMICRO Conference on Software Engineering
	and Advanced Applications},
  year = {2005},
  pages = {80--87},
  organization = {IEEE Computer Society},
  owner = {pierre},
  timestamp = {2010.02.01}
}

@BOOK{Drian93,
  title = {{An introduction to fuzzy control}},
  publisher = {Springer-Verlag},
  year = {1993},
  author = {D. Driankov and H. Hellendoorn and M. Reinfrank},
  owner = {pierre},
  timestamp = {2009.11.19}
}

@INPROCEEDINGS{Eberhart2004,
  author = {A. Eberhart},
  title = {{Ad-hoc invocation of semantic Web services}},
  booktitle = {In IEEE International Conference on Web Services},
  year = {2004},
  address = {San Diego, California ICWS 2004},
  owner = {T0048451},
  timestamp = {2009.09.15}
}

@MISC{fishburn1970utility,
  author = {Fishburn, P.C.},
  title = {{Utility theory for decision making}},
  year = {1970},
  owner = {pierre},
  publisher = {Storming Media},
  timestamp = {2010.02.22}
}

@ARTICLE{floyd1967assigning,
  author = {Floyd, R.W.},
  title = {{Assigning meanings to programs}},
  journal = {Mathematical aspects of computer science},
  year = {1967},
  volume = {19},
  pages = {1},
  number = {19-32},
  owner = {pierre},
  timestamp = {2010.02.01}
}

@ARTICLE{frolund1998qml,
  author = {Fr{\o}lund, S. and Koistinen, J.},
  title = {{Qml: A language for quality of service specification}},
  journal = {HP LABORATORIES TECHNICAL REPORT HPL},
  year = {1998},
  owner = {pierre},
  publisher = {Hewlett-Packard Laboratories},
  timestamp = {2010.03.07}
}

@ARTICLE{frolund1998quality,
  author = {Fr{\o}lund, S. and Koistinen, J.},
  title = {{Quality-of-service specification in distributed object systems}},
  journal = {Distributed Systems Engineering},
  year = {1998},
  volume = {5},
  pages = {179--202},
  owner = {pierre},
  publisher = {Institute of Physics Publishing},
  timestamp = {2010.02.01}
}

@ARTICLE{fujii2009semantics,
  author = {Fujii, K. and Suda, T.},
  title = {{Semantics-based context-aware dynamic service composition}},
  year = {2009},
  owner = {pierre},
  publisher = {ACM New York, NY, USA},
  timestamp = {2010.03.12}
}

@ARTICLE{gelenbe2004self,
  author = {Gelenbe, E. and Lent, R. and Nunez, A.},
  title = {{Self-aware networks and QoS}},
  journal = {Proceedings of the IEEE},
  year = {2004},
  volume = {92},
  pages = {1478--1489},
  number = {9},
  owner = {pierre},
  publisher = {Citeseer},
  timestamp = {2010.03.02}
}

@CONFERENCE{gonzales2005gai,
  author = {Gonzales, C. and Perny, P.},
  title = {{GAI networks for decision making under certainty}},
  booktitle = {Multidisciplinary IJCAI-05 Workshop on Advances in Preference Handling},
  year = {2005},
  organization = {Citeseer},
  owner = {pierre},
  timestamp = {2010.02.18}
}

@ARTICLE{gonzales2004gai,
  author = {Gonzales, C. and Perny, P.},
  title = {{GAI networks for utility elicitation}},
  journal = {KR'04},
  year = {2004},
  pages = {224--234},
  owner = {pierre},
  timestamp = {2010.02.22}
}

@ARTICLE{grabisch1997k,
  author = {Grabisch, M.},
  title = {{K-order additive discrete fuzzy measures and their representation}},
  journal = {Fuzzy sets and systems},
  year = {1997},
  volume = {92},
  pages = {167--189},
  number = {2},
  owner = {pierre},
  publisher = {Elsevier},
  timestamp = {2010.02.22}
}

@CONFERENCE{halima2008qos,
  author = {Halima, R.B. and Drira, K. and Jmaiel, M.},
  title = {{A QoS-Oriented Reconfigurable Middleware for Self-Healing Web Services}},
  booktitle = {Proceedings of the 2008 IEEE International Conference on Web Services},
  year = {2008},
  pages = {104--111},
  organization = {IEEE Computer Society},
  owner = {pierre},
  timestamp = {2010.03.11}
}

@INCOLLECTION{Halp93,
  author = {M. Halpern},
  title = {{Binding}},
  booktitle = {{Encyclopedia of Computer Science}},
  publisher = {Chapman \& Hall},
  year = {1993},
  editor = {A. Ralston and E.D. Reilly},
  pages = {125},
  edition = {Third},
  owner = {pierre},
  timestamp = {2009.12.05}
}

@ARTICLE{herrera2009computing,
  author = {Herrera, F. and Alonso, S. and Chiclana, F. and Herrera-Viedma, E.},
  title = {{Computing with words in decision making: foundations, trends and
	prospects}},
  journal = {Fuzzy Optimization and Decision Making},
  year = {2009},
  pages = {1--28},
  owner = {pierre},
  publisher = {Springer},
  timestamp = {2010.02.18}
}

@ARTICLE{herrera2000linguistic,
  author = {Herrera, F. and Herrera-Viedma, E.},
  title = {{Linguistic decision analysis: steps for solving decision problems
	under linguistic information}},
  journal = {Fuzzy Sets and Systems},
  year = {2000},
  volume = {115},
  pages = {67--82},
  number = {1},
  owner = {pierre},
  publisher = {Elsevier},
  timestamp = {2010.02.18}
}

@ARTICLE{herrera2008fuzzy,
  author = {Herrera, F. and Herrera-Viedma, E. and Mart{\'\i}nez, L.},
  title = {{A fuzzy linguistic methodology to deal with unbalanced linguistic
	term sets}},
  journal = {IEEE Transactions on Fuzzy Systems},
  year = {2008},
  volume = {16},
  pages = {354--370},
  number = {2},
  owner = {pierre},
  publisher = {New York, NY: Institute of Electrical and Electronics Engineers,
	Inc., c1993-},
  timestamp = {2010.02.18}
}

@INPROCEEDINGS{HeHM01,
  author = {F. Herrera and E. Herrera-Viedma and L. Mart{\'{\i}}nez},
  title = {{A Hierarchical Ordinal Model for Managing Unbalanced Linguistic
	Term Sets Based on the Linguistic 2-Tuple Model}},
  booktitle = {{EUROFUSE Workshop on Preference Modelling and Applications}},
  year = {2001},
  pages = {201--206},
  owner = {pierre},
  timestamp = {2009.12.08}
}

@ARTICLE{herrera2001model,
  author = {F. Herrera and L. Mart{\'{\i}}nez},
  title = {{A model based on linguistic 2-tuples for dealing with multigranular
	hierarchical linguistic contexts in multi-expert decision-making}},
  journal = {IEEE Transactions on Systems, Man, and Cybernetics, Part B},
  year = {2001},
  volume = {31},
  pages = {227--234},
  number = {2},
  owner = {pierre},
  timestamp = {2010.02.18}
}

@ARTICLE{Her00a,
  author = {F. Herrera and L. Mart{\'{\i}}nez},
  title = {{A 2-tuple fuzzy linguistic representation model for computing with
	words}},
  journal = {{IEEE Transactions on Fuzzy Systems}},
  year = {2000},
  volume = {8},
  pages = {746--752},
  number = {6},
  owner = {pierre},
  timestamp = {2009.11.18}
}

@INPROCEEDINGS{HMHC02,
  author = {F. Herrera and L. Mart{\'{\i}}nez and E. Herrera-Viedma and F. Chiclana},
  title = {{Fusion of Multigranular Linguistic Information based on the 2-tuple
	Fuzzy Linguistic Representation Model}},
  booktitle = {{Proceedings of IPMU 2002}},
  year = {2002},
  pages = {1155--1162},
  owner = {pierre},
  timestamp = {2009.12.08}
}

@ARTICLE{herrera2005managing,
  author = {Herrera, F. and Mart{\i}nez, L. and S{\'a}nchez, PJ},
  title = {{Managing non-homogeneous information in group decision making}},
  journal = {European Journal of Operational Research},
  year = {2005},
  volume = {166},
  pages = {115--132},
  number = {1},
  owner = {pierre},
  publisher = {Elsevier BV},
  timestamp = {2010.02.18}
}

@ARTICLE{hoare1969axiomatic,
  author = {Hoare, CAR},
  title = {{An axiomatic basis for computer programming}},
  year = {1969},
  owner = {pierre},
  publisher = {ACM New York, NY, USA},
  timestamp = {2010.02.01}
}

@MISC{IEC01,
  author = {IEC},
  title = {{IEC 61131-7 Fuzzy Control Programming}},
  year = {2001},
  owner = {T0048451},
  timestamp = {2009.12.01}
}

@STANDARD{ISO/IEC1998,
  title = {Information technology - quality of service: Framework. ISO/IEC 13236:1998,
	ITU-T X.641},
  author = {ISO/IEC},
  year = {1998},
  owner = {pierre},
  timestamp = {2010.01.30}
}

@BOOK{jacobson1991object,
  title = {{Object-oriented software engineering}},
  publisher = {ACM New York, NY, USA},
  year = {1991},
  author = {Jacobson, I.},
  owner = {pierre},
  timestamp = {2009.10.09}
}

@BOOK{jacobson1999unified,
  title = {{The unified software development process}},
  publisher = {Addison-Wesley},
  year = {1999},
  author = {Jacobson, I. and Booch, G. and Rumbaugh, J.},
  owner = {pierre},
  timestamp = {2009.10.09}
}

@ARTICLE{jang1993anfis,
  author = {Jang, J.S.R.},
  title = {{ANFIS: Adaptive-network-based fuzzy inference system}},
  journal = {IEEE transactions on systems, man, and cybernetics},
  year = {1993},
  volume = {23},
  pages = {665--685},
  number = {3},
  owner = {pierre},
  timestamp = {2010.03.05}
}

@ARTICLE{jiang2008method,
  author = {Jiang, Y.P. and Fan, Z.P. and Ma, J.},
  title = {{A method for group decision making with multi-granularity linguistic
	assessment information}},
  journal = {Information Sciences},
  year = {2008},
  volume = {178},
  pages = {1098--1109},
  number = {4},
  owner = {pierre},
  publisher = {Elsevier},
  timestamp = {2010.02.18}
}

@BOOK{johansson1993business,
  title = {{Business process reengineering: Breakpoint strategies for market
	dominance}},
  publisher = {Wiley New York},
  year = {1993},
  author = {Johansson, H.J. and Johansson, H.J. and Pendlebury, A.J.},
  owner = {pierre},
  timestamp = {2010.01.27}
}

@ARTICLE{kagal2002rei,
  author = {Kagal, L.},
  title = {{Rei: A policy language for the me-centric project}},
  year = {2002},
  owner = {pierre},
  timestamp = {2010.02.01}
}

@ARTICLE{keeney1993decisions,
  author = {Keeney, R.L. and Raiffa, H.},
  title = {{Decisions with multiple objectives}},
  journal = {Cambridge Books},
  year = {1993},
  owner = {pierre},
  publisher = {Cambridge University Press},
  timestamp = {2010.02.22}
}

@ARTICLE{keller2003wsla,
  author = {Keller, A. and Ludwig, H.},
  title = {{The WSLA framework: Specifying and monitoring service level agreements
	for web services}},
  journal = {Journal of Network and Systems Management},
  year = {2003},
  volume = {11},
  pages = {57--81},
  number = {1},
  owner = {pierre},
  publisher = {Springer},
  timestamp = {2010.02.01}
}

@ARTICLE{kopecky2007sawsdl,
  author = {Kopeck{\`y}, J. and Vitvar, T. and Bournez, C. and Farrell, J.},
  title = {{Sawsdl: Semantic annotations for wsdl and xml schema}},
  journal = {IEEE Internet Computing},
  year = {2007},
  pages = {60--67},
  owner = {pierre},
  publisher = {IEEE Computer Society},
  timestamp = {2010.01.08}
}

@ARTICLE{kutz2003basic,
  author = {Kutz, O. and Lutz, C. and Wolter, F. and Zakharyaschev, M.},
  title = {{Basic description logics}},
  journal = {Journal of Logic and Computation},
  year = {2003},
  pages = {43--95},
  owner = {pierre},
  publisher = {Citeseer},
  timestamp = {2010.01.08}
}

@INPROCEEDINGS{BaoLeDuc2009,
  author = {Le Duc, B. and Ch\^atel, P. and Rivierre, N. and Malenfant, J. and
	Collet, P. and Truck, I.},
  title = {{Non-functional Data Collection for Adaptive Business Process and
	Decision Making}},
  booktitle = {In proceedings of MW4SOC'09 workshop [to be published]},
  year = {2009},
  owner = {pierre},
  timestamp = {2009.10.22}
}

@ARTICLE{lee2003qos,
  author = {Lee, K. and Jeon, J. and Lee, W. and Jeong, S. and Park, S.},
  title = {{Qos for web services: Requirements and possible approaches}},
  journal = {W3C Working Group Note},
  year = {2003},
  volume = {25},
  owner = {pierre},
  timestamp = {2010.02.01}
}

@ARTICLE{li2004software,
  author = {Li, L. and Horrocks, I.},
  title = {{A software framework for matchmaking based on semantic web technology}},
  journal = {International Journal of Electronic Commerce},
  year = {2004},
  volume = {8},
  pages = {39--60},
  number = {4},
  owner = {pierre},
  publisher = {ME Sharpe},
  timestamp = {2010.01.31}
}

@ARTICLE{littman1996algorithms,
  author = {Littman, M.L.},
  title = {{Algorithms for sequential decision making}},
  journal = {Brown University, Providence, RI},
  year = {1996},
  owner = {pierre},
  publisher = {Citeseer},
  timestamp = {2010.03.13}
}

@ARTICLE{malenfant2002design,
  author = {Malenfant, J. and Plouzeau, N. and J{\'e}z{\'e}quel, J.M.},
  title = {{The design of gccl: a generalized common contract language}},
  year = {2002},
  owner = {pierre},
  timestamp = {2010.02.01}
}

@ARTICLE{mamdani1975experiment,
  author = {Mamdani, EH and Assilian, S.},
  title = {{An experiment in linguistic synthesis with a fuzzy logic controller}},
  journal = {International Journal of Man-Machine Studies},
  year = {1975},
  volume = {7},
  pages = {1--13},
  number = {1},
  owner = {pierre},
  publisher = {Elsevier},
  timestamp = {2009.12.05}
}

@ARTICLE{martin2004owl,
  author = {Martin, D. and Burstein, M. and Hobbs, J. and Lassila, O. and McDermott,
	D. and McIlraith, S. and Narayanan, S. and Paolucci, M. and Parsia,
	B. and Payne, T.R. and others},
  title = {{OWL-S: Semantic markup for web services}},
  year = {2004},
  owner = {pierre},
  timestamp = {2010.01.08}
}

@ARTICLE{maximilien2004framework,
  author = {Maximilien, E.M. and Singh, M.P.},
  title = {{A framework and ontology for dynamic web services selection}},
  journal = {IEEE Internet Computing},
  year = {2004},
  pages = {84--93},
  owner = {pierre},
  publisher = {IEEE Computer Society},
  timestamp = {2010.02.01}
}

@ARTICLE{mcguinness2004owl,
  author = {McGuinness, D.L. and Van Harmelen, F. and others},
  title = {{OWL web ontology language overview}},
  journal = {W3C recommendation},
  year = {2004},
  volume = {10},
  pages = {2004--03},
  owner = {pierre},
  timestamp = {2010.01.31}
}

@ARTICLE{MarjanMernik2005,
  author = {Marjan Mernik and Jan Heering and and Anthony M. Sloane},
  title = {{When and how to develop domain-specific languages}},
  journal = {ACM Computing Surveys},
  year = {2005},
  volume = {37(4)},
  pages = {316-344},
  owner = {T0048451},
  timestamp = {2009.09.15}
}

@CONFERENCE{mokhtar2005qos,
  author = {Mokhtar, S.B. and Liu, J. and Georgantas, N. and Issarny, V.},
  title = {{Qos-aware dynamic service composition in ambient intelligence environments}},
  booktitle = {Proceedings of the 20th IEEE/ACM international Conference on Automated
	software engineering},
  year = {2005},
  pages = {320},
  organization = {ACM},
  owner = {pierre},
  timestamp = {2010.01.30}
}

@PHDTHESIS{Moreau2009,
  author = {Moreau, A},
  title = {{Mise en oeuvre automatique de processus m\'etier dans le domaine
	des architectures orient\'ees services}},
  school = {EDITE de Paris},
  year = {2009},
  owner = {pierre},
  timestamp = {2010.01.05}
}

@INPROCEEDINGS{MoMD09,
  author = {Moreau, A. and Malenfant, J. and Dao, M.},
  title = {{Data Flow Repair in Web Service Orchestration at Runtime}},
  booktitle = {{The Fourth International Conference on Internet and Web Applications
	and Services, ICIW 2009}},
  year = {2009},
  pages = {43--48},
  publisher = {IEEE Computer Society Press},
  owner = {pierre},
  timestamp = {2010.01.31}
}

@BOOK{papazoglou2008web,
  title = {{Web services: principles and technology}},
  publisher = {Pearson Prentice Hall},
  year = {2008},
  author = {Papazoglou, M.P.},
  owner = {pierre},
  timestamp = {2009.10.10}
}

@ARTICLE{Papazoglou2003,
  author = {M. P. Papazoglou and D. Georgakopoulos},
  title = {{Service-oriented computing}},
  journal = {Communications of the ACM},
  year = {2003},
  volume = {46},
  owner = {T0048451},
  timestamp = {2009.09.15}
}

@TECHREPORT{A.Patil2003,
  author = {A. Patil and S. Oundhakar and A. Sheth},
  title = {{Semantic annotation of Web services}},
  institution = {LSDIS Lab, Department of Computer Science, University of Georgia},
  year = {2003},
  owner = {T0048451},
  timestamp = {2009.09.15}
}

@BOOK{pearl1988probabilistic,
  title = {{Probabilistic reasoning in intelligent systems: networks of plausible
	inference}},
  publisher = {Morgan Kaufmann San Mateo, CA},
  year = {1988},
  author = {Pearl, J. and Shafer, G.},
  owner = {pierre},
  timestamp = {2010.02.22}
}

@INPROCEEDINGS{Peer2002,
  author = {J. Peer},
  title = {{Bringing together Semantic Web and Web services}},
  booktitle = {In Proceedings of the First International Semantic Web Conference},
  year = {2002},
  address = {Sardinia, Italy},
  owner = {T0048451},
  timestamp = {2009.09.15}
}

@ARTICLE{petri2008petri,
  author = {Petri, C.A. and Reisig, W.},
  title = {{Petri nets}},
  journal = {Scholarpedia},
  year = {2008},
  volume = {3},
  pages = {6477},
  owner = {pierre},
  timestamp = {2010.01.28}
}

@CONFERENCE{pini2005aggregating,
  author = {Pini, M.S. and Rossi, F. and Venable, K.B. and Walsh, T.},
  title = {{Aggregating partially ordered preferences: impossibility and possibility
	results}},
  booktitle = {Proceedings of the 10th conference on Theoretical aspects of rationality
	and knowledge},
  year = {2005},
  pages = {206},
  organization = {National University of Singapore},
  owner = {pierre},
  timestamp = {2010.02.22}
}

@BOOK{Puterman1994,
  title = {{Markov Decision Processes: Discrete Stochastic Dynamic Programming}},
  publisher = {Wiley, New York},
  year = {1994},
  author = {M. Puterman},
  owner = {T0048451},
  timestamp = {2009.09.15}
}

@ARTICLE{queiroz2007decision,
  author = {Queiroz, S. and Gonzales, C. and Perny, P.},
  title = {{Decision collective avec des reseaux GAI}},
  journal = {Congres de la Societe Francaise de Recherche Operationnelle et d'Aide
	a la Decision},
  year = {2007},
  owner = {pierre},
  timestamp = {2010.02.22}
}

@ARTICLE{recommendation1995800,
  author = {Recommendation, E.},
  title = {{800-Telephone Network and ISDN, Quality of Service, Network Management
	and Traffic Engineering, Terms and Definitions Related to Quality
	of Service and Network Performance Including Dependability}},
  journal = {International Telecommunication Union, International Telecommunication
	Union},
  year = {1995},
  owner = {pierre},
  timestamp = {2010.01.30}
}

@ARTICLE{richters2002ocl,
  author = {Richters, M. and Gogolla, M.},
  title = {{OCL: Syntax, semantics, and tools}},
  journal = {Lecture Notes in Computer Science},
  year = {2002},
  volume = {2263},
  pages = {42--68},
  owner = {pierre},
  publisher = {Springer},
  timestamp = {2010.02.01}
}

@ARTICLE{roman2005wsmo,
  author = {Roman, D. and Keller, U. and Lausen, H. and de Bruijn, J. and Lara,
	R. and Stollberg, M. and Polleres, A. and Feier, C. and Bussler,
	C. and Fensel, D.},
  title = {{Wsmo-web service modeling ontology}},
  journal = {DERI Working Draft},
  year = {2005},
  volume = {14},
  pages = {77--106},
  owner = {pierre},
  timestamp = {2010.01.08}
}

@CONFERENCE{rossi2004mcp,
  author = {Rossi, F. and Venable, K.B. and Walsh, T.},
  title = {{mCP nets: representing and reasoning with preferences of multiple
	agents}},
  booktitle = {PROCEEDINGS OF THE NATIONAL CONFERENCE ON ARTIFICIAL INTELLIGENCE},
  year = {2004},
  pages = {729--734},
  organization = {Menlo Park, CA; Cambridge, MA; London; AAAI Press; MIT Press; 1999},
  owner = {pierre},
  timestamp = {2010.02.22}
}

@CONFERENCE{rottger2003cqml+,
  author = {Rottger, S. and Zschaler, S.},
  title = {{CQML+: Enhancements to CQML}},
  booktitle = {Proceedings of the 1st International Workshop on Quality of Service
	in Component-Based Software Engineering},
  year = {2003},
  pages = {43--56},
  organization = {C{\'e}padu{\`e}s-{\'E}ditions},
  owner = {pierre},
  timestamp = {2010.02.01}
}

@ARTICLE{roubens1997fuzzy,
  author = {Roubens, M.},
  title = {{Fuzzy sets and decision analysis}},
  journal = {Fuzzy Sets and Systems},
  year = {1997},
  volume = {90},
  pages = {199--206},
  number = {2},
  owner = {pierre},
  publisher = {Elsevier},
  timestamp = {2010.02.20}
}

@BOOK{rumbaugh2004unified,
  title = {{Unified Modeling Language Reference Manual, The}},
  publisher = {Pearson Higher Education},
  year = {2004},
  author = {Rumbaugh, J. and Jacobson, I. and Booch, G.},
  owner = {pierre},
  timestamp = {2010.01.28}
}

@CONFERENCE{sabata1997taxonomy,
  author = {Sabata, B. and Chatterjee, S. and Davis, M. and Sydir, JJ and Lawrence,
	TF and Int, SRI and Park, M.},
  title = {{Taxonomy for QoS specifications}},
  booktitle = {Object-Oriented Real-Time Dependable Systems, 1997. Proceedings.,
	Third International Workshop on},
  year = {1997},
  pages = {100--107},
  owner = {pierre},
  timestamp = {2010.01.30}
}

@CONFERENCE{santhanam2008tcp,
  author = {Santhanam, G.R. and Basu, S. and Honavar, V.},
  title = {{TCP-Compose--A TCP-Net Based Algorithm for Efficient Composition
	of Web Services Using Qualitative Preferences}},
  booktitle = {Proceedings of the 6th International Conference on Service-Oriented
	Computing},
  year = {2008},
  pages = {467},
  organization = {Springer},
  owner = {pierre},
  timestamp = {2010.03.11}
}

@INPROCEEDINGS{Sch07,
  author = {C. Schr{\"o}pfer and M. Binshtok and S. E. Shimony and A. Dayan and
	R. Brafman and P. Offermann and O. Holschke},
  title = {{Introducing preferences over NFPs into service selection in SOA}},
  booktitle = {{Proc. Non Functional Properties and Service Level Agreements in
	Service Oriented Computing Workshop (NFPSLA-SOC'07)}},
  year = {2007},
  owner = {T0048451},
  timestamp = {2009.11.17}
}

@ARTICLE{shapiro2002technical,
  author = {Shapiro, R.},
  title = {{A technical comparison of xpdl, bpml and bpel4ws}},
  journal = {Cape Visions},
  year = {2002},
  owner = {pierre},
  timestamp = {2010.01.28}
}

@ARTICLE{shendrik1986approach,
  author = {Shendrik, MG and Tamm, GB},
  title = {{An approach to interactive solution of multicriterial optimization
	problems with linquistic modeling of preferences.}},
  journal = {Automatic Control and Computer Sciences},
  year = {1986},
  volume = {19},
  pages = {1--7},
  number = {6},
  owner = {pierre},
  publisher = {Allerton Press, Inc. New York, NY, USA},
  timestamp = {2010.02.18}
}

@INPROCEEDINGS{K.Sivashanmugam2003,
  author = {K. Sivashanmugam and K. Verma and A. P. Sheth and J. A. Miller},
  title = {{Adding semantics to Web services standards}},
  booktitle = {In Proceedings of the International Conference on Web Services, ICWS'03},
  year = {2003},
  pages = {395-401},
  address = {Las Vegas, Nevada, USA},
  owner = {T0048451},
  timestamp = {2009.09.15}
}

@ARTICLE{szyperski1999component,
  author = {Szyperski, C. and Bosch, J. and Weck, W.},
  title = {{Component Oriented Programming}},
  journal = {Lecture Notes in Computer Science},
  year = {1999},
  volume = {1743},
  pages = {184--184},
  owner = {pierre},
  publisher = {Springer},
  timestamp = {2009.10.09}
}

@CONFERENCE{tian2003concept,
  author = {Tian, M. and Gramm, A. and Naumowicz, T. and Ritter, H. and Schiller,
	J.},
  title = {{A concept for QoS integration in web services}},
  booktitle = {1st Web Services Quality Workshop (WQW2003) at WISE},
  year = {2003},
  pages = {149--155},
  organization = {Citeseer},
  owner = {pierre},
  timestamp = {2010.01.31}
}

@ARTICLE{tong1980linguistic,
  author = {Tong, RM and Bonissone, PP},
  title = {{Linguistic Approach to Decisionmaking With Fuzzy Sets}},
  journal = {IEEE TRANS. SYS., MAN, AND CYBER.},
  year = {1980},
  volume = {10},
  pages = {716--723},
  number = {11},
  owner = {pierre},
  timestamp = {2010.02.18}
}

@ARTICLE{tonti2003semantic,
  author = {Tonti, G. and Bradshaw, J.M. and Jeffers, R. and Montanari, R. and
	Suri, N. and Uszok, A.},
  title = {{Semantic Web languages for policy representation and reasoning:
	A comparison of KAoS, Rei, and Ponder}},
  journal = {Lecture notes in computer science},
  year = {2003},
  pages = {419--437},
  owner = {pierre},
  publisher = {Springer},
  timestamp = {2010.02.01}
}

@ARTICLE{tosic2002wsol,
  author = {Tosic, V. and Patel, K. and Pagurek, B.},
  title = {{Wsol-web service offerings language}},
  journal = {Lecture notes in computer science},
  year = {2002},
  pages = {57--67},
  owner = {pierre},
  publisher = {Springer},
  timestamp = {2010.02.01}
}

@ARTICLE{Tru06,
  author = {Truck, I. and Akdag, H.},
  title = {{Manipulation of Qualitative Degrees to Handle Uncertainty~: Formal
	Methods and Applications}},
  journal = {Knowledge and Information Systems (KAIS)},
  year = {2006},
  volume = {9},
  pages = {385--411},
  number = {4},
  owner = {pierre},
  publisher = {Springer},
  timestamp = {2009.11.18}
}

@CONFERENCE{uszok2004policy,
  author = {Uszok, A. and Bradshaw, J.M. and Jeffers, R. and Johnson, M. and
	Tate, A. and Dalton, J. and Aitken, S.},
  title = {{Policy and contract management for semantic web services}},
  booktitle = {AAAI 2004 Spring Symposium Workshop on Knowledge Representation and
	Ontology for Autonomous Systems},
  year = {2004},
  owner = {pierre},
  timestamp = {2010.02.01}
}

@ARTICLE{van2005yawl,
  author = {Van der Aalst, WMP and Ter Hofstede, AHM},
  title = {{YAWL: yet another workflow language}},
  journal = {Information Systems},
  year = {2005},
  volume = {30},
  pages = {245--275},
  number = {4},
  owner = {pierre},
  publisher = {Elsevier},
  timestamp = {2010.01.28}
}

@CONFERENCE{verma2005semantic,
  author = {Verma, K. and Akkiraju, R. and Goodwin, R.},
  title = {{Semantic matching of Web service policies}},
  booktitle = {SDWP Workshop},
  year = {2005},
  organization = {Citeseer},
  owner = {pierre},
  timestamp = {2010.02.01}
}

@CONFERENCE{vitvar2007semantic,
  author = {Vitvar, T. and Moran, M. and Zaremba, M. and Haller, A. and Kotinurmi,
	P.},
  title = {{Semantic SOA to promote integration of heterogeneous B2B services}},
  booktitle = {IEEE Joint Conference on E-Commerce Technology (CEC'07) and Enterprise
	Computing, E-Commerce and E-Services (EEE'07), IEEE, Tokyo, Japan},
  year = {2007},
  owner = {pierre},
  timestamp = {2009.10.10}
}

@ARTICLE{wang2006new,
  author = {Wang, J.H. and Hao, J.},
  title = {{A new version of 2-tuple fuzzy linguistic representation model for
	computing with words}},
  journal = {IEEE Transactions on Fuzzy Systems},
  year = {2006},
  volume = {14},
  pages = {435--445},
  number = {3},
  owner = {pierre},
  timestamp = {2010.02.17}
}

@ARTICLE{welty2004owl,
  author = {Welty, C. and McGuinness, D.L.},
  title = {{Owl web ontology language guide}},
  journal = {World Wide Web Consortium (W3C) Recommendation, Feb},
  year = {2004},
  owner = {pierre},
  timestamp = {2010.01.08}
}

@ARTICLE{white2004introduction,
  author = {White, S.A.},
  title = {{Introduction to BPMN}},
  journal = {IBM Cooperation},
  year = {2004},
  pages = {2008--029},
  owner = {pierre},
  timestamp = {2010.01.27}
}

@ARTICLE{white2004process,
  author = {White, S.A.},
  title = {{Process modeling notations and workflow patterns}},
  journal = {Workflow Handbook},
  year = {2004},
  pages = {265--294},
  owner = {pierre},
  timestamp = {2010.01.28}
}

@ARTICLE{wu2007aggregation,
  author = {Wu, D. and Mendel, J.M.},
  title = {{Aggregation using the linguistic weighted average and interval type-2
	fuzzy sets}},
  journal = {IEEE Transactions on Fuzzy Systems},
  year = {2007},
  volume = {15},
  pages = {1145--1161},
  number = {6},
  owner = {pierre},
  publisher = {New York, NY: Institute of Electrical and Electronics Engineers,
	Inc., c1993-},
  timestamp = {2010.02.18}
}

@INBOOK{Xu07,
  pages = {163-181},
  title = {{Linguistic Aggregation Operators: An Overview}},
  publisher = {Springer Verlag},
  year = {2008},
  editor = {Fuzzy Sets and Their Extensions: Representation, Aggregation and
	Models. Studies in Fuzziness and Soft Computing},
  author = {Z. Xu},
  volume = {220},
  note = {ISBN: 978-3-540-73722-3},
  owner = {pierre},
  timestamp = {2009.12.04}
}

@ARTICLE{xu2004method,
  author = {Xu, Z.},
  title = {{A method based on linguistic aggregation operators for group decision
	making with linguistic preference relations}},
  journal = {Information Sciences},
  year = {2004},
  volume = {166},
  pages = {19--30},
  number = {1-4},
  owner = {pierre},
  publisher = {Elsevier},
  timestamp = {2010.02.17}
}

@ARTICLE{Yag07,
  author = {R.R. Yager},
  title = {{Using Stress Functions to Obtain OWA Operators}},
  journal = {IEEE Trans. on Fuzzy Systems},
  year = {2007},
  volume = {15},
  pages = {1122--1129},
  number = {6},
  owner = {pierre},
  timestamp = {2009.12.04}
}

@ARTICLE{Yag88,
  author = {R.R. Yager},
  title = {{On ordered weighted averaging aggregation operators in multicriteria
	decisionmaking}},
  journal = {IEEE Trans. Syst. Man Cybern.},
  year = {1988},
  volume = {18},
  pages = {183--190},
  number = {1},
  address = {Piscataway, NJ, USA},
  owner = {pierre},
  publisher = {IEEE Press},
  timestamp = {2009.12.04}
}

@ARTICLE{yager1981new,
  author = {Yager, R.R.},
  title = {{A new methodology for ordinal multiple aspect decisions based on
	fuzzy sets}},
  journal = {Decision Sciences},
  year = {1981},
  volume = {12},
  pages = {600},
  number = {58},
  owner = {pierre},
  timestamp = {2010.02.18}
}

@ARTICLE{zadeh1999fuzzy,
  author = {Zadeh, L.A.},
  title = {{Fuzzy logic= computing with words}},
  journal = {Computing with Words in Information/intelligent Systems: Foundations},
  year = {1999},
  pages = {3},
  owner = {pierre},
  publisher = {Physica Verlag},
  timestamp = {2010.02.24}
}

@ARTICLE{zad75,
  author = {L.A. Zadeh},
  title = {{The Concept of a Linguistic Variable and Its Applications to Approximate
	Reasoning}},
  journal = {{Information Sciences, Part I, II, III}},
  year = {1975},
  volume = {8,8,9},
  pages = {199--249, 301--357, 43--80},
  owner = {pierre},
  timestamp = {2009.11.18}
}

@ARTICLE{zeng2004qos,
  author = {Zeng, L. and Benatallah, B. and Ngu, A.H.H. and Dumas, M. and Kalagnanam,
	J. and Chang, H.},
  title = {{QoS-aware middleware for web services composition}},
  journal = {IEEE Transactions on software engineering},
  year = {2004},
  volume = {30},
  pages = {311--327},
  number = {5},
  owner = {pierre},
  publisher = {Citeseer},
  timestamp = {2010.02.23}
}

@CONFERENCE{zhou2004daml,
  author = {Zhou, C. and Chia, L.T. and Lee, B.S.},
  title = {{DAML-QoS ontology for web services}},
  booktitle = {Proceedings of the IEEE international conference on web services},
  year = {2004},
  pages = {472},
  organization = {IEEE Computer Society},
  owner = {pierre},
  timestamp = {2010.02.01}
}

@comment{jabref-meta: selector_publisher:}

@comment{jabref-meta: selector_author:}

@comment{jabref-meta: selector_journal:}

@comment{jabref-meta: selector_keywords:}

